@book{MTS,
	author = {M. T. Set},
	title = {Non-Elementary Set Theory},
	publisher = {Non-real Publishing Inc.},
	address = {London},
	year = {2005},
	edition = {3rd}
}

@book{LPSP,
	author = {Lisa Perbound and Sue Premum},
	title = {As Big As It Gets},
	publisher = {Acme Publishers Ltd.},
	address = {New York},
	year = {1997},
	edition = {2nd}
}
% note that you can add multiple authors by using "and"

@book{LCD,
	author = "de Nominator, Lois Carmen",
	title = {Adding Fractions The Easy Way},
	publisher = {Imaginary Publishing},
	address = {Canada},
	year = {2005},
	edition = {1st}
}
% note that since the surname has more than one word, using the "surname, forename" allows BibTeX to guess which is which with more ease, had I used AUTHOR={Lois Carmen de Nominator}, then it would guess that just the last word "Nominator" is the surname.

@article{LDC,
	author = {Lee Ding Coefficient},
	title = {{D}ominant {T}erms {I}n {P}olynomials},
	journal = {Algebraist Digest},
	volume = {Volume 4},
	pages = {pp.1--38},
	year = {1993}
}

@article{ATD,
	author = {Anne T. Derivative},
	title = {{The Fundamental Theorem of Calculus}},
	journal = {Integration Monthly},
	year = {1994},
	pages = {7--10},
	month = {September}
}

@misc{website:Chaos,
	author = "Kay Oss",
	title = "Lorentz Attractors \& Period Doubling",
	month = "November",
	year = "2008",
	howpublished = "\url{http://www.chaos.com/Lorentz}",
	note = {Accessed on 23rd January 2016}
}
