@book{knuth-1989-mathematical-writing,
	author = {Donald Ervin Knuth and Tracy Larabee and Paul M Roberts},
	title = {Mathematical Writing},
	publisher = {Mathematical Association of America Washington, DC},
	year = {1989},
	edition = {3rd},
}

@book{trzeciak-1995-writing,
	title = {Writing mathematical papers in English},
	author = {Jerzy Trzeciak},
	publisher = {European Mathematical Society},
	year = {1995},
	edition = {revised},
}

@book{higham-1998-handbook,
	title = {Handbook of writing for the mathematical sciences},
	author = {Nicolas J Higham},
	year = {1998},
	publisher = {Siam},
	edition = {2nd},
}
