@misc{hart-lagrange-portrait,
    author = {Robert Hart},
	title = {Portrait of {J}oseph-{L}ouis~{L}agrange (1736--1813)},
    howpublished = "\url{https://prints.royalsociety.org/products/portrait-of-joseph-louis-lagrange-1736-1813-rs-2222}",
}

@article{langrange-1770-reflexions,
  title = {R{\'e}flexions sur la r{\'e}solution alg{\'e}brique des {\'e}quations},
  author = {Joseph-Louis Lagrange},
  journal = {Prussian Academy},
  year = {1770},
}

