% vim :set et sw=4 ts=4:

% In Warwick library, print only
@book{barendregt-1981-lambda-calculus,
    author = {Barendregt,H. P.},
    year = {1981},
    title = {The Lambda Calculus: Its Syntax and Semantics},
    publisher = {North-Holland},
    address = {Amsterdam},
    volume = {103},
    isbn = {9780444854902},
    language = {English},
}

% In Warwick library, print only
@book{church-1965-calculi-lambda-conversion,
    author = {Church,Alonzo},
    year = {1965},
    title = {The Calculi of Lambda-Conversion},
    publisher = {Kraus Reprint Corporation},
    address = {New York},
    volume = {6},
    language = {English},
}

% In Warwick library, print and ebook
@book{hindley-2008-lambda-calculus-and-combinators,
    author = {Hindley,J. R. and Seldin,J. P.},
    year = {2008},
    title = {Lambda-Calculus and Combinators: An Introduction},
    publisher = {Cambridge University Press},
    address = {Cambridge},
    edition = {2},
    isbn = {9780511809835},
    doi = {10.1017/CBO9780511809835},
    language = {English},
}
